Automatically generated by Mendeley Desktop 1.11
Any changes to this file will be lost if it is regenerated by Mendeley.

BibTeX export options can be customized via Preferences -> BibTeX in Mendeley Desktop

@misc{haproxy,
title = {{HAProxy: The Reliable, High Performance TCP/HTTP Load Balancer (Accessed on 05/05/14)}},
url = {http://haproxy.1wt.eu/},
urldate = {05-05-2014},
year = {2014}
}
@misc{soundcloudusers,
author = {Dillet, Romain},
title = {{SoundCloud Now Reaches 250M Listeners In Its Quest To Become The Audio Platform Of The Web (Accessed on 09/05/14)}},
url = {http://techcrunch.com/2013/10/29/soundcloud-now-reaches-250-million-listeners-in-its-quest-to-become-the-audio-platform-of-the-web/},
urldate = {09/05/14},
year = {2013}
}
@misc{Go,
title = {{The Go Programming Language (Accessed on 15/05/14)}},
url = {http://golang.org/},
urldate = {15/05/14}
}
@article{Azeez2010,
author = {Azeez, Afkham and Perera, Srinath and Gamage, Dimuthu and Linton, Ruwan and Siriwardana, Prabath and Leelaratne, Dimuthu and Weerawarana, Sanjiva and Fremantle, Paul},
doi = {10.1109/CLOUD.2010.50},
file = {:Users/johan/Documents/HPI/paper masterarbeit/paper/multitenancy.pdf:pdf},
isbn = {978-1-4244-8207-8},
journal = {2010 IEEE 3rd International Conference on Cloud Computing},
keywords = {-multi-tenancy,cloud computing,paas,saas},
month = jul,
pages = {458--465},
publisher = {Ieee},
title = {{Multi-tenant SOA Middleware for Cloud Computing}},
year = {2010}
}
@misc{smartstack,
author = {Serebryany, Igor},
title = {{SmartStack: Service Discovery in the Cloud - Airbnb Engineering}},
url = {http://nerds.airbnb.com/smartstack-service-discovery-cloud/},
urldate = {31/05/14},
year = {2013}
}
@book{ProGit,
author = {Chacon, Scott},
edition = {1st Edition},
isbn = {978-1430218333},
pages = {231},
publisher = {Apress},
title = {{Pro Git}},
year = {2009}
}
@book{ContinuousDelivery,
author = {Humble, Jez and Farley, David},
isbn = {978-0321601919},
keywords = {0321601912,Addison-Wesley Professional,COMPUTERS / Programming / General,Computer Books: General,Computer software,Computer software - Development,Computer software - Reliability,Computer software - Testing,Computers,Computers \& Internet,Computers - Languages / Programming,Computers / Software Development \& Engineering / G,Computing: Textbooks \& Study Guides,Continuous Delivery: Reliable Software Releases th,David Farley,Development,Jez Humble,Programming - General,Reliability,Software Development \& Engineering - General,Software Engineering,Test,Testing,and Deployment Automation (Addison-Wesley Signatur},
pages = {512},
publisher = {Addison-Wesley Professional},
title = {{Continuous Delivery: Reliable Software Releases through Build, Test, and Deployment Automation}},
year = {2010}
}
@misc{github,
title = {{GitHub (Accessed on 09/05/2014)}},
url = {https://github.com/},
urldate = {09/05/2014}
}
@book{Goloubeva2006,
author = {Goloubeva, Olga and Rebaudengo, Maurizio and {Sonza Reorda}, Matteo and Violante, Massimo},
isbn = {978-1441938619},
publisher = {Springer},
title = {{Software-Implemented Hardware Fault Tolerance}},
year = {2006}
}
@misc{graphite,
author = {Davis, Chris},
title = {{Graphite (Accessed on 13/05/2014)}},
url = {http://graphite.readthedocs.org},
urldate = {13/05/2014}
}
@article{zhangsaas,
author = {Laplante, Phillip A and Voas, Jeffrey and Zhang, Jia},
file = {:Users/johan/Documents/HPI/paper masterarbeit/paper terminology/saasandsoa.pdf:pdf},
journal = {IT Pro},
number = {May/June},
title = {{Distinguishing between Software Oriented Architecture and Software as a Service: What's in a Name ?}},
url = {http://works.bepress.com/cgi/viewcontent.cgi?article=1031\&context=jia\_zhang},
year = {2008}
}
@misc{fowler-microservices,
author = {Fowler, Martin and Lewis, James},
title = {{Microservices (Accessed on 25/03/2014)}},
url = {http://martinfowler.com/articles/microservices.html},
urldate = {25.03.2014},
year = {2014}
}
@misc{graphviz,
title = {{Graphviz | Graphviz - Graph Visualization Software (Accessed on 14/05/14)}},
url = {http://www.graphviz.org/},
urldate = {14/05/14}
}
@article{LevesonSoftwareFaultTrees,
address = {New York, NY, USA},
author = {Leveson, Nancy G and Harvey, Peter R},
doi = {10.1016/0164-1212(83)90030-4},
issn = {0164-1212},
journal = {J. Syst. Softw.},
number = {2},
pages = {173--181},
publisher = {Elsevier Science Inc.},
title = {{Software Fault Tree Analysis}},
volume = {3},
year = {1983}
}
@book{svn,
author = {Pilato, C. Michael and Collins-Sussman, Ben and Fitzpatrick, Brian W.},
isbn = {978-0596510336},
pages = {432},
publisher = {O'Reilly Media},
title = {{Version Control with Subversion}},
year = {2008}
}
@book{NASAFT,
address = {Washington},
author = {Office, Nasa and Assurance, Mission and Headquarters, Nasa},
file = {:Users/johan/Documents/HPI/paper masterarbeit/paper/fthb.pdf:pdf},
pages = {205},
publisher = {NASA Office of Safety and Mission Assurance},
title = {{Fault Tree Handbook with Aerospace Applications}},
year = {2002}
}
@misc{wsw3c,
keywords = {CDL,Choreography,SOAP,SOAP 1.2,SOAP-JMS,Semantic,WS Resource Access,WS-Addressing,WS-Addressing 1.0,WS-CDL,WS-CDL 1.0,WSDL,WSDL 2,WSDL 2.0,Web		 Services Architecture,Web Services,Web Services		 Choreography,Web Services Activity,Web Services Addressing,annotation,databinding},
title = {{Web Services @ W3C (Accessed on 09/05/14)}},
url = {http://www.w3.org/2002/ws/}
}
@article{cristian,
author = {Cristian, Flavin},
file = {:Users/johan/Documents/HPI/paper masterarbeit/paper/troeger/p56-cristian.pdf:pdf},
journal = {Communications of the ACM},
number = {2},
pages = {56 -- 78},
title = {{Understanding Fault-Tolerant Distributed Systems}},
volume = {34},
year = {1991}
}
@misc{LenBassPaulClements,
author = {Bass, Len and Clements, Paul and Kazman, Rick},
title = {{Software Architecture in Practice (3rd Edition)}},
url = {http://www.amazon.com/Software-Architecture-Practice-Edition-Engineering/dp/0321815734},
urldate = {07/05/14},
year = {2012}
}
@misc{FowlerSOAAmbiguity,
author = {Fowler, Martin},
title = {{ServiceOrientedAmbiguity (Accessed on 07/05/14)}},
url = {http://martinfowler.com/bliki/ServiceOrientedAmbiguity.html},
urldate = {07/05/14},
year = {2005}
}
@misc{soundcloudabout,
keywords = {audio,music,record,share,sound,soundcloud,sounds,tracks},
title = {{About SoundCloud on SoundCloud - Hear the world’s sounds (Accessed on 09/05/14)}},
url = {https://soundcloud.com/pages/contact},
urldate = {09/05/14}
}
@misc{rabbitmq,
title = {{RabbitMQ - Messaging that just works (Accessed on 15/05/14)}},
url = {http://www.rabbitmq.com/},
urldate = {15/05/14}
}
@misc{Doozer,
title = {{Doozer (Accessed on 20/06/2014)}},
url = {https://github.com/ha/doozerd},
urldate = {20/06/2014}
}
@misc{EvolutionTreadway,
author = {Treadway, Sean},
title = {{Backstage Blog - Evolution of SoundCloud’s Architecture - SoundCloud Developers (Accessed on 09/05/14)}},
url = {https://developers.soundcloud.com/blog/evolution-of-soundclouds-architecture},
urldate = {09/05/14},
year = {2012}
}
@misc{curator,
title = {{Curator - Service Discovery}},
url = {https://curator.apache.org/curator-x-discovery/},
urldate = {31/05/14},
year = {2014}
}
@misc{flynn,
title = {{Flynn - The product that ops provides to developers (Accessed on 27/05/14)}},
url = {https://flynn.io/},
urldate = {27/05/14}
}
@book{McConnellSteve,
author = {McConnell, Steve},
edition = {2nd Edition},
isbn = {978-0735619678},
keywords = {0735619670,Business applications,Code Complete: A Practical Handbook of Software Co,Computer Books: Languages,Computer software,Computer software - Development - Handbooks,Computers,Computers - General Information,Computers / Client-Server Computing,Computers / Enterprise Applications / General,Computers / General,Computers / Programming Languages / General,Computers / Reference,Computers / Software Development \& Engineering / G,Computing: Professional \& Programming,Development,Handbooks,Microsoft Press,Programming languages,Reference - General,Second Edition,Software Development \& Engineering - General,Software engineering,Steve McConnell,etc,etc.,manuals},
pages = {960},
publisher = {Microsoft Press},
title = {{Code Complete: A Practical Handbook of Software Construction, Second Edition}},
year = {2004}
}
@inproceedings{cockcroftqcon2014,
author = {Cockcroft, Adrian},
booktitle = {QCon London 2014},
title = {{Migrating to Microservices}},
year = {2014}
}
@misc{lxc,
title = {{LXC - Linux Containers (Accessed on 22/05/14)}},
url = {https://linuxcontainers.org/},
urldate = {22/05/14}
}
@misc{fuzzed,
title = {{FuzzEd (Accessed on 28/05/2014)}},
url = {http://fuzzed.org},
urldate = {28/05/2014}
}
@article{mesos,
author = {Hindman, Benjamin and Konwinski, Andy and Zaharia, Matei and Ghodsi, Ali and Joseph, Anthony D and Katz, Randy and Shenker, Scott and Stoica, Ion},
file = {:Users/johan/Documents/HPI/paper masterarbeit/paper/Hindman\_new.pdf:pdf},
journal = {NSDI 2011},
title = {{Mesos : A Platform for Fine-Grained Resource Sharing in the Data Center}},
year = {2011}
}
@article{zipkin,
author = {Oskarsson, Johan},
file = {:Users/johan/Documents/HPI/paper masterarbeit/paper/StrangeLoo2012-JohanOskarsson-Zipkinadistributedtracingframework.pdf:pdf},
journal = {Strange Loop},
title = {{Zipkin - A distributed tracing framework}},
year = {2013}
}
@misc{NuclearFT,
address = {Washington},
author = {Vesely, W. E. and Goldberg, F. F.},
file = {:Users/johan/Documents/HPI/paper masterarbeit/paper/sr0492.pdf:pdf},
pages = {209},
publisher = {U.S. Nuclear Regulatory Commission},
title = {{Fault Tree Handbook Nureg-0492}},
year = {1981}
}
@misc{Hogg,
author = {Hogg, Scott},
title = {{Network Packet Monitoring Matrix Switches (Accessed on 23/05/14)}},
url = {http://www.networkworld.com/community/blog/network-packet-monitoring-matrix-switches},
urldate = {23/05/14},
year = {2010}
}
@misc{whatisagem,
keywords = {gems,packages,programming,ruby,rubygems},
title = {{What is a gem? - RubyGems Guides (Accessed on 15/05/14)}},
url = {http://guides.rubygems.org/what-is-a-gem/}
}
@misc{GitFlow,
author = {Driessen, Vincent},
title = {{A successful Git branching model (Accessed on 02/05/14)}},
url = {http://nvie.com/posts/a-successful-git-branching-model/},
urldate = {02-05-2014},
year = {2010}
}
@article{oasissoa,
author = {Brown, Peter F and Metz, Rebekah and Hamilton, Booz Allen},
file = {:Users/johan/Documents/HPI/paper masterarbeit/paper/soa-rm.pdf:pdf},
journal = {OASIS Standard},
number = {October},
pages = {1--31},
title = {{Reference Model for Service Oriented 1.0}},
year = {2006}
}
@article{modServicesAnalysis,
author = {Partridge, Chris and Bailey, Ian},
file = {:Users/johan/Documents/HPI/paper masterarbeit/paper terminology/MOD CIO - Service Analysis Report - v1.3.pdf:pdf},
journal = {Ministry of Defence},
number = {05248454},
pages = {38},
title = {{An Analysis of Services}},
year = {2010}
}
@article{Nagappan2005,
author = {Nagappan, N. and Ball, T.},
doi = {10.1109/ICSE.2005.1553571},
file = {:Users/johan/Documents/HPI/paper masterarbeit/paper/icse05churn.pdf:pdf},
isbn = {1-59593-963-2},
journal = {Proceedings. 27th International Conference on Software Engineering, 2005. ICSE 2005.},
keywords = {defect density,fault-proneness,multiple,principal component analysis,regression,relative code churn},
pages = {284--292},
publisher = {IEEe},
title = {{Use of relative code churn measures to predict system defect density}},
year = {2005}
}
@misc{soundcloud,
keywords = {audio,music,record,share,sound,soundcloud,sounds,tracks},
title = {{SoundCloud - Hear the world’s sounds (Accessed on 09/05/14)}},
url = {https://soundcloud.com/},
urldate = {09/05/14}
}
@misc{rack,
title = {{rack | RubyGems.org | your community gem host (Accessed on 15/05/14)}},
url = {https://rubygems.org/gems/rack},
urldate = {15/05/14}
}
@book{SysReliabilityTheory,
author = {Rausand, Marvin and H\o yland, Arnljot},
edition = {2nd Edition},
keywords = {047147133X,2nd Edition (Wiley Series in Probability and Stati,Arnljot H\o yland,Calculus \& mathematical analysis,Marvin Rausand,Mathematical Statistics,Mathematics,Mathematics / Probability \& Statistics / General,Mathematik / Wahrscheinlichkeitstheorie,Mathematische Statistik,Probability \& Statistics - General,Probability \& statistics,Quality Control,Reliability (Engineering),Reliability (Engineering) - Statistical methods,Reliability Engineering,Science/Mathematics,Statistical methods,Stochastik,System Reliability Theory: Models,Technology \& Engineering / Quality Control,Wiley-Interscience,and Applications},
pages = {664},
publisher = {Wiley-Interscience},
title = {{System Reliability Theory: Models, Statistical Methods, and Applications}},
year = {2003}
}
@misc{soundclouddevelopers,
title = {{SoundCloud Developers (Accessed on 30/05/14)}},
url = {https://developers.soundcloud.com/},
urldate = {30/05/14}
}
@book{DAmbros2011,
author = {D’Ambros, Marco and Lanza, Michele and Robbes, Romain},
booktitle = {Empirical Software Engineering},
doi = {10.1007/s10664-011-9173-9},
file = {:Users/johan/Documents/HPI/paper masterarbeit/paper/troeger/art\%3A10.1007\%2Fs10664-011-9173-9.pdf:pdf},
isbn = {1066401191739},
issn = {1382-3256},
keywords = {change metrics,defect prediction,source code metrics},
month = aug,
number = {4-5},
pages = {531--577},
title = {{Evaluating defect prediction approaches: a benchmark and an extensive comparison}},
volume = {17},
year = {2011}
}
@book{silberschatz1998operating,
author = {Silberschatz, Abraham and Galvin, Peter B},
edition = {9th Edition},
isbn = {978-1118129388},
pages = {944},
publisher = {Wiley},
title = {{Operating System Concepts}},
volume = {4},
year = {2013}
}
@misc{zookeeper,
title = {{Apache ZooKeeper - Home}},
url = {https://zookeeper.apache.org/},
urldate = {31/05/14}
}
@book{FundamentalsDepComputing,
author = {Knight, John},
isbn = {9781439862551},
keywords = {1439862559,Algorithms \& data structures,COMPUTERS / Programming / Algorithms,COMPUTERS / Systems Architecture / General,Chapman and Hall/CRC,Computer Books: General,Computer software,Computer software - Reliability,Computers,Computers - Languages / Programming,Computers / Software Development \& Engineering / G,Computing: Textbooks \& Study Guides,Fault-tolerant computing,Fundamentals of Dependable Computing for Software,John Knight,Programming - Algorithms,Reliability,Software Development \& Engineering - General,Software Engineering,Systems Architecture - General},
pages = {433},
publisher = {Chapman \& Hall/ CRC Press},
title = {{Fundamentals of Dependable Computing for Software Engineers}},
year = {2012}
}
@inproceedings{etsydeploy,
author = {Snyder, Ross},
booktitle = {SXSW The Lean Startup 2013},
title = {{Continuous Deployment at Etsy: A Tale of Two Approaches}},
year = {2013}
}
@inproceedings{bazookaTalkGoto,
author = {Simmerl, Alexander and Proud, Matt},
booktitle = {goto Conference Z\"{u}rich},
file = {:Users/johan/Documents/HPI/paper masterarbeit/paper/AlexanderSimmerl\_and\_MattProud\_BuildingAnInHouseHeroku.pdf:pdf},
title = {{Bazooka - Continuous Deployment at SoundCloud}},
year = {2013}
}
@book{bind,
author = {Liu, Cricket and Albitz, Paul},
edition = {5th Edition},
isbn = {978-0596100575},
pages = {642},
publisher = {O'Reilly Media},
title = {{DNS and BIND}},
year = {2006}
}
@book{FMEA,
author = {Stamatis, D. H.},
isbn = {0873895983},
pages = {488},
publisher = {ASQ Quality Press; 2nd edition edition},
title = {{Failure Mode and Effect Analysis: FMEA from Theory to Execution}},
year = {2003}
}
@book{heroku,
author = {Hanjura, Anubhav},
edition = {1st Edition},
isbn = {9781783550975},
keywords = {1-78355-097-X,178355097X,978-1-78355-097-5,Anubhav Hanjura,Heroku Cloud Application Development,O'Reilly,o'reilly,oreilly},
publisher = {O'Reilly},
title = {{Heroku Cloud Application Development}},
year = {2014}
}
@article{Mietzner2009,
annote = {much soa
bpel to describe service workflow in machine

        
patterns

        
          
taxonomie with configurable/non-configurable + single/arbitraty/multiple instance. We want single instance only.

        

        Service tenancy patterns  
        
- customizability
- isolation
- ease of updating code
- ease of developing (need dev to take multi tenancy into consideration when coding?)
- scalability

        
          
customize single instance service
        
configuration data per tenant
configuration should be security limited

        
          
customize heavily with multiple instances (one per configuration)
        
crap

        

      },
author = {Mietzner, Ralph and Unger, Tobias and Titze, Robert and Leymann, Frank},
doi = {10.1109/EDOC.2009.13},
file = {:Users/johan/Library/Application Support/Mendeley Desktop/Downloaded/Mietzner et al. - 2009 - Combining Different Multi-Tenancy Patterns in Service-Oriented Applications(2).pdf:pdf},
keywords = {-multi-tenancy,composite,saas,services,soa},
title = {{Combining Different Multi-Tenancy Patterns in Service-Oriented Applications}},
year = {2009}
}
@misc{twitterdev,
title = {{Twitter Developers (Accessed on 31/05/14)}},
url = {https://dev.twitter.com/}
}
@book{make,
author = {Stallman, Richard M. and McGrath, Roland},
pages = {196},
publisher = {Free Software Foundation},
title = {{GNU Make: A Program for Directed Compilation}},
year = {2002}
}
@misc{alexasoundcloud,
author = {Alexa},
title = {{soundcloud.com Site Overview (Accessed on 09/05/14)}},
url = {http://www.alexa.com/siteinfo/soundcloud.com},
urldate = {09/05/14},
year = {2014}
}
@misc{KaidencePost,
author = {Kraaijeveld, Jos},
title = {{Mining Git repositories and understanding Code Churn (Accessed on 02/05/14)}},
url = {http://kaidence.org/posts/mining-git-repositories-and-understanding-code-churn.html},
urldate = {02-05-2014},
year = {2013}
}
@misc{w3carch,
author = {{W3C Working Group}},
title = {{Web Services Glossary}},
url = {http://www.w3.org/TR/2004/NOTE-ws-gloss-20040211/},
urldate = {07/05/14},
year = {2004}
}
@article{laprie2004,
author = {Avi, Algirdas and Laprie, Jean-Claude and Randell, Brian and Landwehr, Carl},
file = {:Users/johan/Documents/HPI/paper masterarbeit/paper/666.pdf:pdf},
number = {1},
pages = {11--33},
title = {{Basic Concepts and Taxonomy of Dependable and Secure Computing}},
volume = {1},
year = {2004}
}
@book{enterpriseSOA,
author = {Krafzig, Dirk and Banke, Karl and Slama, Dirk},
edition = {1st Edition},
isbn = {978-0131465756},
keywords = {0131465759,Enterprise SOA: Service-Oriented Architecture Best},
pages = {408},
publisher = {Prentice Hall},
title = {{Enterprise SOA: Service-Oriented Architecture Best Practices}},
year = {2004}
}
@misc{haml,
title = {{haml | RubyGems.org | your community gem host (Accessed on 15/05/14)}},
url = {https://rubygems.org/gems/haml},
urldate = {15/05/14}
}
@article{Laprie1995,
author = {Laprie, Jean-Claude},
file = {:Users/johan/Documents/HPI/paper masterarbeit/paper/LaprieFTCS25.pdf:pdf},
journal = {IEEE International Symposium on Fault-Tolerant Computing},
pages = {42--54},
title = {{Dependable Computing : Concepts , Limits , Challenges}},
volume = {25},
year = {1995}
}
@inproceedings{nversion,
author = {Chen, Liming and Avizienis, A},
booktitle = {Fault-Tolerant Computing, 1995, Highlights from Twenty-Five Years., Twenty-Fifth International Symposium on},
doi = {10.1109/FTCSH.1995.532621},
keywords = {Application software,Computer science,Fault tolerance,Hardware,Investments,Redundancy,Runtime,Software performance,Software systems,Testing},
month = jun,
title = {{N-Version Programming: A Fault-Tolerance Approach to Reliability of Software Operation}},
year = {1995}
}
@misc{Deis,
author = {OpDemand},
keywords = {application platform,buildpacks,deis,docker,heroku,open source,paas,private paas},
title = {{Deis | Your Paas. Your Rules. (Accessed on 22/06/14)}},
url = {http://deis.io/},
urldate = {22/06/14},
year = {2014}
}
@book{ChartrandGary,
author = {Chartrand, Gary},
isbn = {978-0486247755},
keywords = {0486247759,Applied,Applied Sciences,Applied mathematics,Dover Publications,Gary Chartrand,General,Graph theory,Graphic Methods,Introductory Graph Theory (Dover Books on Mathemat,Mathematics,Mathematics / Applied,Mathematics / Graphic Methods,SCIENCE / General,Science,Science \& Mathematics,Science / Applied Sciences,Science/Mathematics,Science: general issues},
pages = {320},
publisher = {Dover Publications},
title = {{Introductory Graph Theory}},
year = {1984}
}
@misc{merriamwebstertelemetry,
author = {{Merriam-Webster Online Dictionary}},
title = {{Telemetry (Accessed on 05/07/2014)}},
url = {http://www.merriam-webster.com/dictionary/telemetry},
urldate = {07-05-2014}
}
@article{swebok,
author = {Abran, Alain and Moore, J W and Bourque, P and Dupuis, R and Tripp, L L},
journal = {IEEE Computer Society, Angela Burgess},
title = {{Software Engineering Body of Knowledge}},
year = {2004}
}
@book{Rails,
author = {Thomas, David and Hansson, David Heinemeier},
edition = {4th Edition},
isbn = {9781934356548},
pages = {451},
publisher = {Pragmatic Bookshelf},
title = {{Agile Web Development With Rails}},
year = {2011}
}
@misc{haproxyconf,
author = {Tarreau, Willy},
title = {{HAProxy Configuration Manual - Version 1.4.25}},
urldate = {19/05/14},
year = {2014}
}
@article{salesforce,
address = {New York, New York, USA},
author = {Weissman, Craig D. and Bobrowski, Steve},
doi = {10.1145/1559845.1559942},
file = {:Users/johan/Dropbox/SAAS/salesforce-p889-weissman-1.pdf:pdf},
isbn = {9781605585512},
journal = {Proceedings of the 35th SIGMOD international conference on Management of data - SIGMOD '09},
keywords = {a multitenant application shares,a single stack of,domain specific,figure 1,flex schema,language,multi-tenancy,object-relational mapping,query optimization},
pages = {889},
publisher = {ACM Press},
title = {{The design of the force.com multitenant internet application development platform}},
year = {2009}
}
@misc{w3cwsa,
title = {{Web Services Architecture Requirements}},
url = {http://www.w3.org/TR/2004/NOTE-wsa-reqs-20040211/},
urldate = {08/05/14}
}
@book{chefdocs,
author = {Sabharwal, Navin and Wadhwa, Manak},
edition = {1st Edition},
isbn = {978-1430262954},
pages = {300},
publisher = {Apress},
title = {{Automation through Chef Opscode: A Hand-on Approach to Infrastructure Automation, Devops Automation, and Reporting through Chef}},
year = {2014}
}
@misc{Bundler,
title = {{Bundler: The best way to manage a Ruby application's gems (Accessed on 15/05/14)}},
url = {http://bundler.io/},
urldate = {15/05/14}
}
@article{soundcloudAG,
author = {Grosse, Alexander},
file = {:Users/johan/Documents/HPI/paper masterarbeit/paper/Wie\_SoundCloud\_skaliert.pdf:pdf},
journal = {Berlin Expert Days},
title = {{How SoundCloud scales}},
year = {2013}
}
@article{Birrell1984,
author = {Birrell, Andrew D. and Nelson, Bruce Jay},
doi = {10.1145/2080.357392},
file = {:Users/johan/Documents/HPI/paper masterarbeit/paper/ImplementingRPC.pdf:pdf},
issn = {07342071},
journal = {ACM Transactions on Computer Systems},
month = feb,
number = {1},
pages = {39--59},
title = {{Implementing remote procedure calls}},
volume = {2},
year = {1984}
}
@misc{prometheus,
title = {{Prometheus (Accessed on 07/05/2014)}},
url = {http://github.com/prometheus/prometheus},
urldate = {07-05-2014}
}
@misc{unbound,
keywords = {DNS server,DNSSEC,IPv6,Unbound,validating caching resolver},
title = {{Unbound}},
url = {https://unbound.net/},
urldate = {19/05/14}
}
@inproceedings{Phil2013Monolith,
author = {Cal\c{c}ado, Phil},
booktitle = {JDC2013 Cairo},
title = {{From a monolithic Ruby on Rails app to the JVM}},
year = {2013}
}
@article{Krochmal,
author = {Krochmal, Marc and Cheshire, Stuart},
title = {{DNS-Based Service Discovery}},
url = {http://tools.ietf.org/html/rfc6763\#section-11}
}
@article{LimniosFaultTreeCalc,
author = {Odeh, K. and Limnios, N.},
file = {:Users/johan/Documents/HPI/paper masterarbeit/paper/chp\%3A10.1007\%2FBFb0035544.pdf:pdf},
journal = {Proceedings of the 16th IFIP-TC7 Conference, Compi\`{e}gne, France — July 5–9, 1993},
keywords = {complexity,exact evaluation,factorization,fault- tree},
pages = {951--956},
title = {{An efficient method for probability evaluation on fault-tree}},
volume = {197},
year = {1993}
}
@article{Horwitz,
author = {Reps, Thomas and Horwitz, Susan},
file = {:Users/johan/Documents/HPI/paper masterarbeit/paper/p392-horwitz.pdf:pdf},
journal = {ICSE '92 Proceedings of the 14th international conference on Software engineering},
pages = {392--411},
title = {{The Use of Program Dependence Graphs in Software Engineering}},
year = {1992}
}
@book{sockets,
author = {Stevens, W. Richard and Fenner, Bill and Rudoff, Andrew M.},
edition = {3rd Edition},
isbn = {978-0131411555},
pages = {1024},
publisher = {Addison-Wesley Professional},
title = {{Unix Network Programming, Volume 1: The Sockets Networking API}},
year = {2003}
}
@techreport{Carraro,
author = {Carraro, Gianpaolo and Fred, Chong},
title = {{Software as a Service (SaaS): An Enterprise Perspective (Accessed on 20/05/2014)}},
url = {http://msdn.microsoft.com/en-us/library/aa905332.aspx},
year = {2006}
}
@book{12factor,
author = {Wiggins, Adam},
title = {{The Twelve-Factor App (Accessed on 05/01/14)}},
url = {http://12factor.net/},
year = {2012}
}
@article{conway,
author = {Conway, Melvin E.},
file = {:Users/johan/Documents/HPI/paper masterarbeit/paper static code anal/Home Page of Mel Conway's Site.pdf:pdf},
journal = {Datamation magazine},
title = {{How Do Committees Invent?}},
year = {1968}
}
@book{internetprotocol,
author = {Forouzan, Behrouz A},
edition = {2nd Edition},
isbn = {0072460601},
pages = {976},
publisher = {McGraw-Hill},
title = {{TCP/IP Protocol Suite}},
year = {2002}
}
@misc{canary,
author = {Brooke, Aslan},
booktitle = {InfoQ},
keywords = {A/B Testing,Agile,Agile Techniques,Automated testing,Automation,Cloud Computing,Continuous Delivery,Continuous Deployment,Deployment,Devops,IT Service Management,Infrastructure,Operations \& Infrastructure,Testing,canary release improve quality},
title = {{Use Canary Deployments to Test in Production (Accessed on 19/05/14)}},
url = {http://www.infoq.com/news/2013/03/canary-release-improve-quality},
urldate = {19/05/14},
year = {2013}
}
@article{ReliaAvailabilityReliability,
author = {{ReliaSoft Corporation}},
journal = {Reliability HotWire},
keywords = {Availability,Maintainability,Reliability,Reliability Basics,downtimes,repair action},
title = {{Relationship Between Availability and Reliability}},
url = {http://www.weibull.com/hotwire/issue26/relbasics26.htm},
year = {2003}
}
@book{GAE,
author = {Ciurana, Eugene},
edition = {1st Edition},
isbn = {9781430218319},
keywords = {Eugene Ciurana,Google App Engine},
pages = {164},
publisher = {Apress},
title = {{Developing with Google App Engine}},
year = {2011}
}
@book{Shaw1996,
author = {Shaw, Mary and Garlan, David},
isbn = {0131829572},
pages = {242},
publisher = {Prentice Hall},
title = {{Software Architecture: Perspectives on an Emerging Discipline}},
year = {1996}
}
@misc{pintrestzookeeper,
author = {Prabhu, Raghavendra},
title = {{Making Pinterest — ZooKeeper Resilience at Pinterest}},
url = {http://engineering.pinterest.com/post/77933733851/zookeeper-resilience-at-pinterest},
urldate = {31/05/14},
year = {2014}
}
@misc{chefgithub,
author = {Opscode},
title = {{opscode/chef - Github (Accessed on 25/05/2014)}},
url = {https://github.com/opscode/chef/blob/master/README.md},
urldate = {25/05/2014}
}
@book{mysql,
author = {DuBois, Paul},
edition = {5th Edition},
isbn = {978-0321833877},
pages = {1176},
publisher = {Addison-Wesley Professional},
title = {{MySQL}},
year = {2013}
}
@phdthesis{Fielding,
author = {Fielding, Roy Thomas},
file = {:Users/johan/Downloads/fielding\_dissertation.pdf:pdf},
school = {University of California, Irvine},
title = {{Architectural Styles and the Design of Network-based Software Architectures}},
type = {Doctoral dissertation},
year = {2000}
}
@misc{statsd,
title = {{StatsD (Accessed on 07/05/2014)}},
url = {https://github.com/etsy/statsd},
urldate = {07-05-2014}
}
@misc{jberkel-mysql-ruby,
title = {{jberkel-mysql-ruby | RubyGems.org | your community gem host (Accessed on 15/05/14)}},
url = {https://rubygems.org/gems/jberkel-mysql-ruby},
urldate = {15/05/14}
}
@misc{amqp,
title = {{amqp | RubyGems.org | your community gem host (Accessed on 15/05/14)}},
url = {https://rubygems.org/gems/amqp},
urldate = {15/05/14}
}
@misc{cgroups,
author = {Menage, Paul and Jackson, Paul and Lameter, Christoph},
title = {{CGROUPS (Accessed on 22/05/14)}},
url = {https://www.kernel.org/doc/Documentation/cgroups/cgroups.txt},
urldate = {22/05/14},
year = {2006}
}
@article{LAP77,
author = {Lapp, Steven A and Powers, Gary J},
file = {:Users/johan/Documents/HPI/paper masterarbeit/paper/05215060.pdf:pdf},
keywords = {-computer-aided,computer pro-,fault-tree synthesis},
number = {April},
pages = {2--13},
title = {{Computer-aided Synthesis of Fault-trees}},
year = {1977}
}
@article{Cortellessa,
author = {Cortellessa, Vittorio and Grassi, Vincenzo},
doi = {10.1007/978-3-540-72912-9\_12},
file = {:Users/johan/Documents/HPI/paper masterarbeit/paper/Reliability Modeling and Analysis\%0Aof Service-Oriented Architectures.pdf:pdf},
journal = {Test and Analysis of Web Services},
title = {{Reliability Modeling and Analysis of Service-Oriented Architectures}},
url = {http://link.springer.com/chapter/10.1007/978-3-540-72912-9\_12},
year = {2007}
}
@article{Laprie2000,
author = {Avizienis, Algirdas and Laprie, Jean-Claude and Randell, Brian},
file = {:Users/johan/Documents/HPI/paper masterarbeit/paper/avizienis00.pdf:pdf},
pages = {6},
title = {{Fundamental Concepts of Dependability}},
year = {2000}
}
@misc{ghorgs,
author = {Neath, Kyle},
title = {{Introducing Organizations (Accessed on 14/05/2014)}},
url = {https://github.com/blog/674-introducing-organizations},
urldate = {14/05/2014},
year = {2010}
}
@book{requestresponse,
author = {Daigneau, Robert},
edition = {1st Edition},
isbn = {978-0321544209},
pages = {352},
publisher = {Addison-Wesley Professional},
title = {{Service Design Patterns: Fundamental Design Solutions for SOAP/WSDL and RESTful Web Services}},
year = {2011}
}
@article{twittersoa,
author = {Cloud, Jeremy},
journal = {QCon New York 2013},
title = {{Decomposing Twitter: Adventures in Service-Oriented Architecture}},
url = {http://www.infoq.com/presentations/twitter-soa},
year = {2013}
}
@misc{BourgonPolyglotGo,
author = {Bourgon, Peter},
title = {{Backstage Blog - Go at SoundCloud - SoundCloud Developers (Accessed on 09/05/14)}},
url = {https://developers.soundcloud.com/blog/go-at-soundcloud},
urldate = {09/05/14},
year = {2012}
}
@misc{goversion,
title = {{Frequently Asked Questions (FAQ) - The Go Programming Language - How should I manage package versions using "go get"?}},
url = {http://golang.org/doc/faq\#get\_version},
urldate = {15/05/14}
}
@book{FaulTreesLimnios,
author = {Limnios, Nikolaos},
edition = {1st Edition},
isbn = {978-1905209309},
keywords = {1905209304,Elektrotechnik,Fault Trees (ISTE),Industrial Engineering,Mechanical Engineering,Nachrichtentechnik,Nikolaos Limnios,Quality Control,Reliability (Engineering),Reliability engineering,Science/Mathematics,TECHNOLOGY / Quality Control,Technik / Elektronik,Technology \& Engineering,Technology \& Engineering / Electronics / General,Technology \& Engineering / Engineering (General),Technology \& Engineering / Industrial Engineering,Technology \& Industrial Arts,Trees (Graph theory),Wiley-ISTE},
pages = {150},
publisher = {Wiley-ISTE},
title = {{Fault Trees}},
year = {2007}
}
@book{amazons3,
author = {Murty, James},
isbn = {978-0596515812},
pages = {604},
publisher = {O'Reilly},
title = {{Programming Amazon Web Services: S3, EC2, SQS, FPS, and SimpleDB}},
year = {2008}
}
@misc{dapper,
author = {Sigelman, Benjamin H and Andr, Luiz and Burrows, Mike and Stephenson, Pat and Plakal, Manoj and Beaver, Donald and Jaspan, Saul and Shanbhag, Chandan},
file = {:Users/johan/Documents/HPI/paper masterarbeit/paper/dapper.pdf:pdf},
number = {April},
title = {{Dapper, a Large-Scale Distributed Systems Tracing Infrastructure}},
year = {2010}
}
@misc{memcached,
title = {{memcached - a distributed memory object caching system (Accessed on 15/05/14)}},
url = {http://www.memcached.org/},
urldate = {15/05/14}
}
@book{HenrikKniberg,
author = {{Henrik Kniberg}},
booktitle = {Online},
isbn = {978-1430322641},
publisher = {C4Media Inc},
title = {{Scrum and XP from the Trenches}},
year = {2007}
}
@misc{amazonservices,
author = {Hoff, Todd},
title = {{Amazon Architecture (Accessed on 07/05/2014)}},
url = {http://highscalability.com/blog/2007/9/18/amazon-architecture.html},
urldate = {07/05/2014},
year = {2007}
}
@misc{linguist,
title = {{Linguist (Accessed on 15/05/2014)}},
url = {https://github.com/github/linguist},
urldate = {15/05/2014}
}
@misc{lxcsuse,
author = {{SUSE Documentation Team}},
title = {{Virtualization with Linux Containers (LXC)}},
year = {2014}
}
@article{Lapp1979,
author = {Lapp, Steven a. and Powers, Gary J.},
doi = {10.1109/TR.1979.5220455},
file = {:Users/johan/Documents/HPI/paper masterarbeit/paper/05220455.pdf:pdf},
issn = {0018-9529},
journal = {IEEE Transactions on Reliability},
keywords = {- fault-tree synthesis,lapp-powers algorithm},
month = apr,
number = {1},
pages = {12--15},
title = {{Update of Lapp-Powers Fault-Tree Synthesis Algorithm}},
url = {http://ieeexplore.ieee.org/lpdocs/epic03/wrapper.htm?arnumber=5220455},
volume = {R-28},
year = {1979}
}
@misc{servicediscoverysurvey,
author = {Wilder, Jason},
title = {{Open-Source Service Discovery - Jason Wilder's Blog (Accessed on 05/06/14)}},
url = {http://jasonwilder.com/blog/2014/02/04/service-discovery-in-the-cloud/},
urldate = {05/06/14},
year = {2004}
}
@inproceedings{ericson1999fault,
author = {Ericson, Clifton A},
booktitle = {System Safety Conference, Orlando, Florida},
pages = {1--9},
title = {{Fault Tree Analysis - A History}},
year = {1999}
}
@misc{SocketsProgramming,
author = {Krzyzanowski, Paul},
title = {{Introduction to Sockets Programming (Accessed on 21/05/14)}},
url = {http://www.cs.rutgers.edu/~pxk/rutgers/notes/sockets/},
urldate = {21/05/14},
year = {2014}
}
@misc{json,
address = {Geneva},
author = {{Ecma International}},
pages = {14},
title = {{The JSON Data Interchange Format - Standard ECMA-404}},
year = {2013}
}
@book{publishsubscribe,
author = {Tarkoma, Sasu},
edition = {1st Edition},
isbn = {9781118354285},
pages = {360},
publisher = {Wiley},
title = {{Publish / Subscribe Systems: Design and Principles}},
year = {2012}
}
